@Article{Kaplan1958,
  author    = {E. L. Kaplan and Paul Meier},
  journal   = {Journal of the American Statistical Association},
  title     = {Nonparametric Estimation from Incomplete Observations},
  year      = {1958},
  month     = {jun},
  number    = {282},
  pages     = {457--481},
  volume    = {53},
  doi       = {10.1080/01621459.1958.10501452},
  publisher = {Informa {UK} Limited},
}

@InCollection{Akaike1998,
  author    = {Hirotogu Akaike},
  booktitle = {Springer Series in Statistics},
  publisher = {Springer New York},
  title     = {Information Theory and an Extension of the Maximum Likelihood Principle},
  year      = {1998},
  pages     = {199--213},
  doi       = {10.1007/978-1-4612-1694-0_15},
}

@Article{Schwarz1978,
  author    = {Gideon Schwarz},
  journal   = {The Annals of Statistics},
  title     = {Estimating the Dimension of a Model},
  year      = {1978},
  month     = {mar},
  number    = {2},
  volume    = {6},
  doi       = {10.1214/aos/1176344136},
  publisher = {Institute of Mathematical Statistics},
}

@Article{Nelson1972,
  author    = {Wayne Nelson},
  journal   = {Technometrics},
  title     = {Theory and Applications of Hazard Plotting for Censored Failure Data},
  year      = {1972},
  month     = {nov},
  number    = {4},
  pages     = {945--966},
  volume    = {14},
  doi       = {10.1080/00401706.1972.10488991},
  publisher = {Informa {UK} Limited},
}

@Article{Aalen1978,
  author    = {Odd Aalen},
  journal   = {The Annals of Statistics},
  title     = {Nonparametric Inference for a Family of Counting Processes},
  year      = {1978},
  month     = {jul},
  number    = {4},
  volume    = {6},
  doi       = {10.1214/aos/1176344247},
  publisher = {Institute of Mathematical Statistics},
}

@Article{Hoem1971,
  author    = {Jan M. Hoem},
  journal   = {Journal of the Royal Statistical Society: Series B (Methodological)},
  title     = {Point Estimation of Forces of Transition in Demographic Models},
  year      = {1971},
  month     = {jul},
  number    = {2},
  pages     = {275--289},
  volume    = {33},
  doi       = {10.1111/j.2517-6161.1971.tb00879.x},
  publisher = {Wiley},
}

@Article{Peto1972,
  author    = {Richard Peto and Julian Peto},
  journal   = {Journal of the Royal Statistical Society. Series A (General)},
  title     = {Asymptotically Efficient Rank Invariant Test Procedures},
  year      = {1972},
  number    = {2},
  pages     = {185},
  volume    = {135},
  doi       = {10.2307/2344317},
  publisher = {{JSTOR}},
}

@Article{Henze2002,
  author    = {Norbert Henze and Simos G. Meintanis},
  journal   = {Statistics},
  title     = {Tests of Fit for Exponentiality based on the Empirical Laplace Transform},
  year      = {2002},
  month     = {jan},
  number    = {2},
  pages     = {147--161},
  volume    = {36},
  doi       = {10.1080/02331880212042},
  publisher = {Informa {UK} Limited},
}

@Article{1825,
  author    = {Gompertz},
  journal   = {Philosophical Transactions of the Royal Society of London},
  title     = {On the nature of the function expressive of the law of human mortality, and on a new mode of determining the value of life contingencies.https://www.jstor.org/stable/41140508 https://doi.org/10.1017/S0020268100040257},
  year      = {1825},
  month     = {dec},
  pages     = {513--583},
  volume    = {115},
  doi       = {10.1098/rstl.1825.0026},
  publisher = {The Royal Society},
}

@Article{Makeham1860,
  author    = {William Matthew Makeham},
  journal   = {The Assurance Magazine and Journal of the Institute of Actuaries},
  title     = {On the Law of Mortality and the Construction of Annuity Tables},
  year      = {1860},
  month     = {jan},
  number    = {6},
  pages     = {301--310},
  volume    = {8},
  doi       = {10.1017/s204616580000126x},
  publisher = {Cambridge University Press ({CUP})},
}

@Article{Cox1972,
  author    = {D. R. Cox},
  journal   = {Journal of the Royal Statistical Society: Series B (Methodological)},
  title     = {Regression Models and Life-Tables},
  year      = {1972},
  month     = {jan},
  number    = {2},
  pages     = {187--202},
  volume    = {34},
  doi       = {10.1111/j.2517-6161.1972.tb00899.x},
  publisher = {Wiley},
}

@Article{Breslow1975,
  author    = {N. E. Breslow},
  journal   = {International Statistical Review / Revue Internationale de Statistique},
  title     = {Analysis of Survival Data under the Proportional Hazards Model},
  year      = {1975},
  month     = {apr},
  number    = {1},
  pages     = {45},
  volume    = {43},
  doi       = {10.2307/1402659},
  publisher = {{JSTOR}},
}

@Article{Spiekerman1998,
  author    = {C. F. Spiekerman and D. Y. Lin},
  journal   = {Journal of the American Statistical Association},
  title     = {Marginal Regression Models for Multivariate Failure Time Data},
  year      = {1998},
  month     = {sep},
  number    = {443},
  pages     = {1164--1175},
  volume    = {93},
  doi       = {10.1080/01621459.1998.10473777},
  publisher = {Informa {UK} Limited},
}

@Article{SCHOENFELD1982,
  author    = {David Schoenfeld},
  journal   = {Biometrika},
  title     = {Partial residuals for the proportional hazards regression model},
  year      = {1982},
  number    = {1},
  pages     = {239--241},
  volume    = {69},
  doi       = {10.1093/biomet/69.1.239},
  publisher = {Oxford University Press ({OUP})},
}

@Article{GRAMBSCH1994,
  author    = {PATRICIA M. GRAMBSCH and TERRY M. THERNEAU},
  journal   = {Biometrika},
  title     = {Proportional hazards tests and diagnostics based on weighted residuals},
  year      = {1994},
  number    = {3},
  pages     = {515--526},
  volume    = {81},
  doi       = {10.1093/biomet/81.3.515},
  publisher = {Oxford University Press ({OUP})},
}

@Book{Wasserman2013,
  author    = {Wasserman, Larry},
  publisher = {Springer},
  title     = {All of Statistics A Concise Course in Statistical Inference},
  year      = {2013},
  isbn      = {9780387217369},
  subtitle  = {A Concise Course in Statistical Inference},
}

@Article{Donsker1951,
  author     = {Donsker, Monroe D.},
  journal    = {Mem. Amer. Math. Soc.},
  title      = {An invariance principle for certain probability limit theorems},
  year       = {1951},
  issn       = {0065-9266},
  pages      = {12},
  volume     = {6},
  fjournal   = {Memoirs of the American Mathematical Society},
  mrclass    = {60.0X},
  mrnumber   = {40613},
  mrreviewer = {J. L. Doob},
}

@Article{Heligman1980,
  author    = {L. Heligman and J. H. Pollard},
  journal   = {Journal of the Institute of Actuaries},
  title     = {The age pattern of mortality},
  year      = {1980},
  month     = {jan},
  number    = {1},
  pages     = {49--80},
  volume    = {107},
  doi       = {10.1017/s0020268100040257},
  publisher = {Cambridge University Press ({CUP})},
}

@Article{Denuit2005,
  author  = {Denuit, Michel and Goderniaux, Anne-C{\'e}cile},
  journal = {Bulletin of the Swiss Association of Actuaries},
  title   = {Closing and projecting lifetables using log-linear models},
  year    = {2005},
  pages   = {29},
}

@Article{Thatcher1998,
  author    = {Thatcher, A Roger and Kannisto, V{\"a}in{\"o} and Vaupel, James W},
  title     = {The force of mortality at ages 80 to 120},
  year      = {1998},
  publisher = {Syddansk Universitetsforlag},
}

@Article{Weinert2007,
  author    = {Howard L. Weinert},
  journal   = {Computational Statistics {\&} Data Analysis},
  title     = {Efficient computation for Whittaker-Henderson smoothing},
  year      = {2007},
  month     = {oct},
  number    = {2},
  pages     = {959--974},
  volume    = {52},
  doi       = {10.1016/j.csda.2006.11.038},
  publisher = {Elsevier {BV}},
}

@Article{Boumezoued2020,
  author    = {Alexandre Boumezoued},
  journal   = {North American Actuarial Journal},
  title     = {Improving {HMD} Mortality Estimates with {HFD} Fertility Data},
  year      = {2020},
  month     = {jan},
  number    = {sup1},
  pages     = {S255--S279},
  volume    = {25},
  doi       = {10.1080/10920277.2019.1672567},
  publisher = {Informa {UK} Limited},
}

@Unpublished{Guibert2017,
  author      = {Guibert, Quentin and Planchet, Fr{\'e}d{\'e}ric},
  note        = {working paper or preprint},
  title       = {{UTILISATION DES ESTIMATEURS DE KAPLAN-MEIER PAR G{\'E}N{\'E}RATION ET DE HOEM POUR LA CONSTRUCTION DE TABLES DE MORTALIT{\'E} PROSPECTIVES}},
  month       = Apr,
  year        = {2017},
  hal_id      = {hal-01509483},
  hal_version = {v1},
  pdf         = {https://hal.science/hal-01509483/file/Article_v1.3.pdf},
  url         = {https://hal.science/hal-01509483},
}

@Article{Wilmoth2007,
  author  = {Wilmoth, John R and Andreev, Kirill and Jdanov, Dmitri and Glei, Dana A and Boe, C and Bubenheim, M and Philipov, D and Shkolnikov, V and Vachon, P},
  journal = {University of California, Berkeley, and Max Planck Institute for Demographic Research, Rostock. URL: http://mortality. org [version 31/05/2007]},
  title   = {Methods protocol for the human mortality database},
  year    = {2007},
  pages   = {10--11},
  volume  = {9},
}

@Article{Villegas2018,
  author    = {Andr{\'{e}}s M. Villegas and Vladimir K. Kaishev and Pietro Millossovich},
  journal   = {Journal of Statistical Software},
  title     = {StMoMo: An R Package for Stochastic Mortality Modeling},
  year      = {2018},
  number    = {3},
  volume    = {84},
  doi       = {10.18637/jss.v084.i03},
  publisher = {Foundation for Open Access Statistic},
}

@Article{Hunt2020,
  author    = {Andrew Hunt and David Blake},
  journal   = {North American Actuarial Journal},
  title     = {On the Structure and Classification of Mortality Models},
  year      = {2020},
  month     = {feb},
  number    = {sup1},
  pages     = {S215--S234},
  volume    = {25},
  doi       = {10.1080/10920277.2019.1649156},
  publisher = {Informa {UK} Limited},
}

@Article{Currie2014,
  author    = {Iain D. Currie},
  journal   = {Scandinavian Actuarial Journal},
  title     = {On fitting generalized linear and non-linear models of mortality},
  year      = {2014},
  month     = {jul},
  number    = {4},
  pages     = {356--383},
  volume    = {2016},
  doi       = {10.1080/03461238.2014.928230},
  publisher = {Informa {UK} Limited},
}

@Article{Barigou2022,
  author    = {Karim Barigou and Pierre-Olivier Goffard and St{\'{e}}phane Loisel and Yahia Salhi},
  journal   = {International Journal of Forecasting},
  title     = {Bayesian model averaging for mortality forecasting using leave-future-out validation},
  year      = {2022},
  month     = {mar},
  doi       = {10.1016/j.ijforecast.2022.01.011},
  publisher = {Elsevier {BV}},
}

@Article{Lee1992,
  author    = {Ronald D. Lee and Lawrence R. Carter},
  journal   = {Journal of the American Statistical Association},
  title     = {Modeling and Forecasting U.S. Mortality},
  year      = {1992},
  month     = {sep},
  number    = {419},
  pages     = {659--671},
  volume    = {87},
  doi       = {10.1080/01621459.1992.10475265},
  publisher = {Informa {UK} Limited},
}

@Article{Clayton1987,
  author    = {D. Clayton and E. Schifflers},
  journal   = {Statistics in Medicine},
  title     = {Models for temporal variation in cancer rates. {II}: Age{\textendash}period{\textendash}cohort models},
  year      = {1987},
  month     = {jun},
  number    = {4},
  pages     = {469--481},
  volume    = {6},
  doi       = {10.1002/sim.4780060406},
  publisher = {Wiley},
}

@Article{Haberman2011,
  author    = {Steven Haberman and Arthur Renshaw},
  journal   = {Insurance: Mathematics and Economics},
  title     = {A comparative study of parametric mortality projection models},
  year      = {2011},
  month     = {jan},
  number    = {1},
  pages     = {35--55},
  volume    = {48},
  doi       = {10.1016/j.insmatheco.2010.09.003},
  publisher = {Elsevier {BV}},
}

@Article{Cairns2006,
  author    = {Andrew J. G. Cairns and David Blake and Kevin Dowd},
  journal   = {Journal of Risk and Insurance},
  title     = {A Two-Factor Model for Stochastic Mortality with Parameter Uncertainty: Theory and Calibration},
  year      = {2006},
  month     = {dec},
  number    = {4},
  pages     = {687--718},
  volume    = {73},
  doi       = {10.1111/j.1539-6975.2006.00195.x},
  publisher = {Wiley},
}

@Article{Huynh2021,
  author    = {Nhan Huynh and Mike Ludkovski},
  journal   = {Annals of Actuarial Science},
  title     = {Multi-output Gaussian processes for multi-population longevity modelling},
  year      = {2021},
  month     = {may},
  pages     = {1--28},
  doi       = {10.1017/s1748499521000142},
  publisher = {Cambridge University Press ({CUP})},
}

@Article{Wu2018,
  author    = {Ruhao Wu and Bo Wang},
  journal   = {Neurocomputing},
  title     = {Gaussian process regression method for forecasting of mortality rates},
  year      = {2018},
  month     = {nov},
  pages     = {232--239},
  volume    = {316},
  doi       = {10.1016/j.neucom.2018.08.001},
  publisher = {Elsevier {BV}},
}

@Misc{Biessy2023,
  author    = {Biessy, Guillaume},
  title     = {Revisiting Whittaker-Henderson Smoothing},
  year      = {2023},
  copyright = {arXiv.org perpetual, non-exclusive license},
  doi       = {10.48550/ARXIV.2306.06932},
  keywords  = {Methodology (stat.ME), FOS: Computer and information sciences, FOS: Computer and information sciences},
  publisher = {arXiv},
}

@Comment{jabref-meta: databaseType:bibtex;}
