@Article{Kaplan1958,
  author    = {E. L. Kaplan and Paul Meier},
  journal   = {Journal of the American Statistical Association},
  title     = {Nonparametric Estimation from Incomplete Observations},
  year      = {1958},
  month     = {jun},
  number    = {282},
  pages     = {457--481},
  volume    = {53},
  doi       = {10.1080/01621459.1958.10501452},
  publisher = {Informa {UK} Limited},
}

@InCollection{Akaike1998,
  author    = {Hirotogu Akaike},
  booktitle = {Springer Series in Statistics},
  publisher = {Springer New York},
  title     = {Information Theory and an Extension of the Maximum Likelihood Principle},
  year      = {1998},
  pages     = {199--213},
  doi       = {10.1007/978-1-4612-1694-0_15},
}

@Article{Schwarz1978,
  author    = {Gideon Schwarz},
  journal   = {The Annals of Statistics},
  title     = {Estimating the Dimension of a Model},
  year      = {1978},
  month     = {mar},
  number    = {2},
  volume    = {6},
  doi       = {10.1214/aos/1176344136},
  publisher = {Institute of Mathematical Statistics},
}

@Article{Nelson1972,
  author    = {Wayne Nelson},
  journal   = {Technometrics},
  title     = {Theory and Applications of Hazard Plotting for Censored Failure Data},
  year      = {1972},
  month     = {nov},
  number    = {4},
  pages     = {945--966},
  volume    = {14},
  doi       = {10.1080/00401706.1972.10488991},
  publisher = {Informa {UK} Limited},
}

@Article{Aalen1978,
  author    = {Odd Aalen},
  journal   = {The Annals of Statistics},
  title     = {Nonparametric Inference for a Family of Counting Processes},
  year      = {1978},
  month     = {jul},
  number    = {4},
  volume    = {6},
  doi       = {10.1214/aos/1176344247},
  publisher = {Institute of Mathematical Statistics},
}

@Article{Hoem1971,
  author    = {Jan M. Hoem},
  journal   = {Journal of the Royal Statistical Society: Series B (Methodological)},
  title     = {Point Estimation of Forces of Transition in Demographic Models},
  year      = {1971},
  month     = {jul},
  number    = {2},
  pages     = {275--289},
  volume    = {33},
  doi       = {10.1111/j.2517-6161.1971.tb00879.x},
  publisher = {Wiley},
}

@Article{Peto1972,
  author    = {Richard Peto and Julian Peto},
  journal   = {Journal of the Royal Statistical Society. Series A (General)},
  title     = {Asymptotically Efficient Rank Invariant Test Procedures},
  year      = {1972},
  number    = {2},
  pages     = {185},
  volume    = {135},
  doi       = {10.2307/2344317},
  publisher = {{JSTOR}},
}

@Article{Henze2002,
  author    = {Norbert Henze and Simos G. Meintanis},
  journal   = {Statistics},
  title     = {Tests of Fit for Exponentiality based on the Empirical Laplace Transform},
  year      = {2002},
  month     = {jan},
  number    = {2},
  pages     = {147--161},
  volume    = {36},
  doi       = {10.1080/02331880212042},
  publisher = {Informa {UK} Limited},
}

@Comment{jabref-meta: databaseType:bibtex;}
